@book{mmihov1,
    title = {Ръководство за курсова работа по управление на електро-механични системи},
    author = {доц. М. Михов},
    isbn = { },
    series = { },
    year = {2008},
    publisher = {Технически университет – София},
    keywords = {physics}
}

